<?xml version="1.0" encoding="UTF-8"?><collection xmlns="http://www.loc.gov/MARC21/slim"><record><leader>00671nam--2200193-u-4500</leader><controlfield tag="001">000055644</controlfield><controlfield tag="002">20161230</controlfield><controlfield tag="005">20170116141021</controlfield><controlfield tag="008">130314s1000------------r-----000-0-eng-d</controlfield><datafield ind1=" " ind2=" " tag="020"><subfield code="a">9780735411128</subfield></datafield><datafield ind1=" " ind2=" " tag="040"><subfield code="a">IFIN-HH</subfield></datafield><datafield ind1="1" ind2=" " tag="100"><subfield code="a">Trache, Livius</subfield></datafield><datafield ind1="1" ind2="0" tag="245"><subfield code="a">Exotic Nuclei and Nuclear/ Particle Astrophysics (iv) From Nuclei to Stars</subfield><subfield code="b">Carpathian Summer School of Physics 2012, Sinaia Romania, 24 June- 7 July 2012</subfield><subfield code="c">Livius Trache, Paula Gina Isar (eds.)</subfield></datafield><datafield ind1=" " ind2=" " tag="260"><subfield code="a">Melville, New York</subfield><subfield code="b">Aip</subfield><subfield code="c">2012</subfield></datafield><datafield ind1=" " ind2=" " tag="300"><subfield code="a">X+394P</subfield></datafield><datafield ind1=" " ind2=" " tag="490"><subfield code="a">Aip I Conference Proceedings</subfield><subfield code="v">Vol. 1498</subfield></datafield><datafield ind1="1" ind2=" " tag="700"><subfield code="a">Isar, Paula Gina</subfield><subfield code="e">Ed</subfield></datafield><datafield ind1=" " ind2=" " tag="852"><subfield code="a">82235</subfield><subfield code="c">523</subfield></datafield><datafield ind1=" " ind2=" " tag="CAT"><subfield code="a">SYS</subfield><subfield code="c">20170116</subfield><subfield code="h">141021</subfield></datafield></record></collection>